@article{woods1988fluid,
  title={The fluid dynamics and thermodynamics of eruption columns},
  author={Woods, AW},
  journal={B. Volcanol},
  volume={50},
  number={3},
  pages={169--193},
  year={1988},
  publisher={Springer}
}

@article{bursik2001effect,
  title={Effect of wind on the rise height of volcanic plumes},
  author={Bursik, M},
  journal={Geophys. Res. Lett},
  volume={28},
  number={18},
  pages={3621--3624},
  year={2001}
}

@article{mastin2007user,
  title={A user-friendly one-dimensional model for wet volcanic plumes},
  author={Mastin, Larry G},
  journal={Geoche. Geophy. Geosy.},
  volume={8},
  number={3},
  year={2007},
  publisher={Wiley Online Library}
}

@article{degruyter2012improving,
  title={Improving on mass flow rate estimates of volcanic eruptions},
  author={Degruyter, Wim and Bonadonna, Costanza},
  journal={Geophys. Res. Lett.},
  volume={39},
  number={16},
  year={2012},
  publisher={Wiley Online Library}
}

@article{woodhouse2013interaction,
  title={Interaction between volcanic plumes and wind during the 2010 Eyjafjallaj{\"o}kull eruption, Iceland},
  author={Woodhouse, MJ and Hogg, AJ and Phillips, JC and Sparks, RSJ},
  journal={J. Geophys. Res-Sol. Ea.},
  volume={118},
  number={1},
  pages={92--109},
  year={2013},
  publisher={Wiley Online Library}
}

@article{devenish2013using,
  title={Using simple plume models to refine the source mass flux of volcanic eruptions according to atmospheric conditions},
  author={Devenish, BJ},
  journal={J. Volcanol Geoth. Res.},
  volume={256},
  pages={118--127},
  year={2013},
  publisher={Elsevier}
}

@article{de2015plume,
  title={PLUME-MoM 1.0: A new integral model of volcanic plumes based on the method of moments},
  author={de'Michieli Vitturi, M and Neri, Augusto and Barsotti, Sara},
  journal={Geosci. Model Dev.},
  volume={8},
  number={8},
  pages={2447--2463},
  year={2015},
  publisher={Copernicus GmbH}
}

@article{folch2016fplume,
  title={FPLUME-1.0: An integral volcanic plume model accounting for ash aggregation},
  author={Folch, Arnau and Costa, Antonio and Macedonio, Giovannin},
  journal={Geosci. Model Dev.},
  volume={9},
  number={1},
  pages={431},
  year={2016},
  publisher={Copernicus GmbH}
}

@article{pouget2016sensitivity,
  title={Sensitivity analysis of a one-dimensional model of a volcanic plume with particle fallout and collapse behavior},
  author={Pouget, S and Bursik, M and Singla, P and Singh, T},
  journal={J. Volcanol Geoth. Res.},
  year={2016},
  publisher={Elsevier}
}

@misc { 267,
	title = {bent: A model of plumes in crossflow},
	month = {Nov},
	url = {https://vhub.org/resources/267},
	year = {2010},
	author = {Bursik , Marcus I}
}

@misc { 1194,
	title = {Plumeria 2.3.1},
	month = {Dec},
	url = {https://vhub.org/resources/1194},
	year = {2011},
	author = {Mastin , Larry G}
}

@misc { 3541,
	title = {PlumeMoM},
	month = {Mar},
	url = {https://vhub.org/resources/3541},
	year = {2015},
	author = {de' Michieli Vitturi, Mattia}
}

@misc{draxler2015hysplit,
  title={HYSPLIT (HYbrid Single-Particle Lagrangian Integrated Trajectory) Model access via NOAA ARL READY Website. NOAA Air Resources Laboratory, Silver Spring},
  url={http://www.arl.noaa.gov/HYSPLIT_info.php},
  author={Draxler, R.R. and Rolph, G.D.},
  year={2015},
  publisher={MD}
}

@article{costa2018understanding,
  title={Understanding the plume dynamics of explosive super-eruptions},
  author={Costa, Antonio and Suzuki, Yujiro and Koyaguchi, Takehiro},
  journal={Nat. Commun.},
  volume={9},
  number={1},
  pages={654},
  year={2018},
  publisher={Nature Publishing Group}
}

@article{neri2003multiparticle,
  title={Multiparticle simulation of collapsing volcanic columns and pyroclastic flow},
  author={Neri, Augusto and Esposti Ongaro, Thmaso and Macedonio, Giovanni and Gidaspow, Dimitri},
  journal={J. Geophys. Res-Sol. Ea. (1978--2012)},
  volume={108},
  number={B4},
  year={2003},
  publisher={Wiley Online Library}
}

@article{ongaro2007parallel,
  title={A parallel multiphase flow code for the 3D simulation of explosive volcanic eruptions},
  author={Esposti Ongaro, Thmaso and Cavazzoni, Carlo and Erbacci, Giovanni and Neri, Augusto and Salvetti, Maria-Vittoria},
  journal={Parallel Comput.},
  volume={33},
  number={7},
  pages={541--560},
  year={2007},
  publisher={Elsevier}
}

@article{carcano2013semi,
  title={A semi-implicit, second-order-accurate numerical model for multiphase underexpanded volcanic jets},
  author={Carcano, S and Bonaventura, L and Esposti Ongaro, Thmaso and Neri, A},
  journal={Geosci. Model Dev.},
  volume={6},
  number={6},
  pages={1905--1924},
  year={2013},
  publisher={Copernicus GmbH}
}

@article{suzuki2005numerical,
  title={A numerical study of turbulent mixing in eruption clouds using a three-dimensional fluid dynamics model},
  author={Suzuki, Yujiro J and Koyaguchi, Takehiro and Ogawa, Masaki and Hachisu, Izumi},
  journal={J. Geophys. Res-Sol. Ea.},
  volume={110},
  number={B8},
  year={2005},
  publisher={Wiley Online Library}
}

@article{suzuki2009three,
  title={A three-dimensional numerical simulation of spreading umbrella clouds},
  author={Suzuki, YJ and Koyaguchi, T},
  journal={J. Geophys. Res-Sol. Ea. (1978--2012)},
  volume={114},
  number={B3},
  year={2009},
  publisher={Wiley Online Library}
}

@article{koyaguchi2010effects,
  title={Effects of the crater on eruption column dynamics},
  author={Koyaguchi, Takehiro and Suzuki, Yujiro J and Kozono, Tomofumi},
  journal={J. Geophys. Res-Sol. Ea. (1978--2012)},
  volume={115},
  number={B7},
  year={2010},
  publisher={Wiley Online Library}
}

@article{koyaguchi2009effect,
  title={The effect of intensity of turbulence in umbrella cloud on tephra dispersion during explosive volcanic eruptions: Experimental and numerical approaches},
  author={Koyaguchi, Takehiro and Ochiai, Kiyokatsu and Suzuki, Yujiro J},
  journal={J. Volcanol Geoth. Res.},
  volume={186},
  number={1},
  pages={68--78},
  year={2009},
  publisher={Elsevier}
}

@article{suzuki20123,
  title={3-D numerical simulations of eruption column collapse: Effects of vent size on pressure-balanced jet/plumes},
  author={Suzuki, Yujiro J and Koyaguchi, Takehiro},
  journal={J. Volcanol Geoth. Res.},
  volume={221},
  pages={1--13},
  year={2012},
  publisher={Elsevier}
}

@article{oberhuber1998volcanic,
  title={Volcanic plume simulation on large scales},
  author={Oberhuber, Josef M and Herzog, Michael and Graf, Hans-F and Schwanke, Karsten},
  journal={J. Volcanol Geoth. Res.},
  volume={87},
  number={1},
  pages={29--53},
  year={1998},
  publisher={Elsevier}
}

@article{trentmann2002simulation,
  title={Simulation of a biomass-burning plume: Comparison of model results with observations},
  author={Trentmann, J and Andreae, MO and Graf, H-F and Hobbs, PV and Ottmar, RD and Trautmann, T},
  journal={J. Geophys. Res-Atmos. (1984--2012)},
  volume={107},
  number={D2},
  pages={AAC--5},
  year={2002},
  publisher={Wiley Online Library}
}

@article{herzog2003prognostic,
  title={A prognostic turbulence scheme for the nonhydrostatic plume model ATHAM},
  author={Herzog, Michael and Oberhuber, Josef M and Graf, Hans-F},
  journal={Journal of the Atmospheric Sciences},
  volume={60},
  number={22},
  pages={2783--2796},
  year={2003}
}

@article{herzog1998effect,
  title={The effect of phase changes of water on the development of volcanic plumes},
  author={Herzog, Michael and Graf, Hans-F and Textor, Christiane and Oberhuber, Josef M},
  journal={J. Volcanol Geoth. Res.},
  volume={87},
  number={1},
  pages={55--74},
  year={1998},
  publisher={Elsevier}
}

@article{textor2003injection,
  title={Injection of gases into the stratosphere by explosive volcanic eruptions},
  author={Textor, Christiane and Graf, Hans-F and Herzog, Michael and Oberhuber, JM},
  journal={J. Geophys. Res-Atmos. (1984--2012)},
  volume={108},
  number={D19},
  year={2003},
  publisher={Wiley Online Library}
}

@article{textor2006volcanic1,
  title={Volcanic particle aggregation in explosive eruption columns. Part I: Parameterization of the microphysics of hydrometeors and ash},
  author={Textor, Christiane and Graf, Hans-F and Herzog, Michael and Oberhuber, Josef M and Rose, William I and Ernst, Gerald GJ},
  journal={J. Volcanol Geoth. Res.},
  volume={150},
  number={4},
  pages={359--377},
  year={2006},
  publisher={Elsevier}
}

@article{textor2006volcanic2,
  title={Volcanic particle aggregation in explosive eruption columns. Part II: Numerical experiments},
  author={Textor, C and Graf, Hans-F and Herzog, Michael and Oberhuber, Josef M and Rose, William I and Ernst, GGJ},
  journal={J. Volcanol Geoth. Res.},
  volume={150},
  number={4},
  pages={378--394},
  year={2006},
  publisher={Elsevier}
}

@article{cerminara2016ashee,
  title={ASHEE-1.0: a compressible, equilibrium-Eulerian model for volcanic ash plumes},
  author={Cerminara, M and Esposti Ongaro, Thmaso and Berselli, LC},
  journal={Geosci. Model Dev.},
  volume={9},
  number={2},
  pages={697--730},
  year={2016},
  publisher={Copernicus GmbH}
}

@article{gingold1977smoothed,
  title={Smoothed particle hydrodynamics: theory and application to non-spherical stars},
  author={Gingold, Robert A and Monaghan, Joseph J},
  journal={Mon. Not. R. Astron. Soc.},
  volume={181},
  number={3},
  pages={375--389},
  year={1977},
  publisher={Oxford University Press}
}
@article{lucy1977numerical,
  title={A numerical approach to the testing of the fission hypothesis},
  author={Lucy, Leon B},
  journal={Astron. J.},
  volume={82},
  pages={1013--1024},
  year={1977}
}

@article{herault2010sphgpu,
  title={SPH on GPU with CUDA},
  author={H{\'e}rault, Alexis and Bilotta, Giuseppe and Dalrymple, Robert A},
  journal={Journal of Hydraulic Research},
  volume={48},
  number={S1},
  pages={74--79},
  year={2010},
  publisher={Taylor \& Francis}
}

@article{haddad2016smoothed,
  title={Smoothed particle hydrodynamic modeling of volcanic debris flows: Application to Huiloac Gorge lahars (Popocat{\'e}petl volcano, Mexico)},
  author={Haddad, Bouchra and Palacios, David and Pastor, Manuel and Zamorano, Jos{\'e} Juan},
  journal={J. Volcanol Geoth. Res.},
  volume={324},
  pages={73--87},
  year={2016},
  publisher={Elsevier}
}

@article{monaghan1995sph,
  title={SPH simulation of multi-phase flow},
  author={Monaghan, JJ and Kocharyan, A},
  journal={Comput. Phys. Commun.},
  volume={87},
  number={1},
  pages={225--235},
  year={1995},
  publisher={Elsevier}
}

@article{colagrossi2003numerical,
  title={Numerical simulation of interfacial flows by smoothed particle hydrodynamics},
  author={Colagrossi, Andrea and Landrini, Maurizio},
  journal={J. Comput. Phys.},
  volume={191},
  number={2},
  pages={448--475},
  year={2003},
  publisher={Elsevier}
}

@article{hu2007incompressible,
  title={An incompressible multi-phase SPH method},
  author={Hu, XY and Adams, Nikolaus A},
  journal={J. Comput. Phys.},
  volume={227},
  number={1},
  pages={264--278},
  year={2007},
  publisher={Elsevier}
}

@article{adami2010new,
  title={A new surface-tension formulation for multi-phase SPH using a reproducing divergence approximation},
  author={Adami, S and Hu, XY and Adams, NA},
  journal={J. Comput. Phys.},
  volume={229},
  number={13},
  pages={5011--5021},
  year={2010},
  publisher={Elsevier}
}

@article{monaghan2013simple,
  title={A simple SPH algorithm for multi-fluid flow with high density ratios},
  author={Monaghan, JJ and Rafiee, Ashkan},
  journal={International Journal for Numerical Methods in Fluids},
  volume={71},
  number={5},
  pages={537--561},
  year={2013},
  publisher={Wiley Online Library}
}

@article{chen2015sph,
  title={An SPH model for multiphase flows with complex interfaces and large density differences},
  author={Chen, Z and Zong, Z and Liu, MB and Zou, L and Li, HT and Shu, C},
  journal={J. Comput. Phys.},
  volume={283},
  pages={169--188},
  year={2015},
  publisher={Elsevier}
}

@article{issa2005numerical,
  title={Numerical assessment of the Smoothed Particle Hydrodynamics gridless method for incompressible flows and its extension to turbulent flows},
  author={Issa, Reza},
  year={2005}
}

@article{violeau2007numerical,
  title={Numerical modelling of complex turbulent free-surface flows with the SPH method: an overview},
  author={Violeau, Damien and Issa, Reza},
  journal={International Journal for Numerical Methods in Fluids},
  volume={53},
  pages={277--304},
  year={2007}
}

@article{monaghan2011turbulence,
  title={A turbulence model for Smoothed Particle Hydrodynamics},
  author={Monaghan, Joe J},
  journal={Eur. J. Mech. B-Fluid},
  volume={30},
  number={4},
  pages={360--370},
  year={2011},
  publisher={Elsevier}
}

@article{monaghan2002sph,
  title={SPH compressible turbulence},
  author={Monaghan, JJ},
  journal={Mon. Not. R. Astron. Soc.},
  volume={335},
  number={3},
  pages={843--852},
  year={2002},
  publisher={Oxford University Press}
}

@article{holm1999fluctuation,
  title={Fluctuation effects on 3D Lagrangian mean and Eulerian mean fluid motion},
  author={Holm, Darryl D},
  journal={Physica. D},
  volume={133},
  number={1},
  pages={215--269},
  year={1999},
  publisher={Elsevier}
}

@article{monaghan1989problem,
  title={On the problem of penetration in particle methods},
  author={Monaghan, JJ},
  journal={J. Comput. Phys.},
  volume={82},
  number={1},
  pages={1--15},
  year={1989},
  publisher={Elsevier}
}

@article{monaghan1992smoothed,
  title={Smoothed particle hydrodynamics},
  author={Monaghan, Joe J},
  journal={Annu. Rev. Astron. Astr.},
  volume={30},
  pages={543--574},
  year={1992}
}

@article{monaghan2012smoothed,
  title={Smoothed particle hydrodynamics and its diverse applications},
  author={Monaghan, JJ},
  journal={Annu. Rev. Fluid Mech.},
  volume={44},
  pages={323--346},
  year={2012},
  publisher={Annual Reviews}
}

@article{weller1998tensorial,
  title={A tensorial approach to computational continuum mechanics using object-oriented techniques},
  author={Weller, Henry G and Tabor, G and Jasak, Hrvoje and Fureby, C},
  journal={Comput. Phys.},
  volume={12},
  number={6},
  pages={620--631},
  year={1998},
  publisher={AIP Publishing}
}

@article{ernst1996sedimentation,
  title={Sedimentation from turbulent jets and plumes},
  author={Ernst, Gerald GJ and Sparks, R Stephen J and Carey, Steven N and Bursik, Marcus I},
  journal={J. Geophys. Res-Sol. Ea.},
  volume={101},
  number={B3},
  pages={5575--5589},
  year={1996},
  publisher={Wiley Online Library}
}

@article{carey1982influence,
  title={Influence of particle aggregation on deposition of distal tephra from the May 18, 1980, eruption of Mount St. Helens volcano},
  author={Carey, Steven N and Sigurdsson, Haraldur},
  journal={J. Geophys. Res-Sol. Ea.},
  volume={87},
  number={B8},
  pages={7061--7072},
  year={1982},
  publisher={Wiley Online Library}
}

@article{taddeucci2011aggregation,
  title={Aggregation-dominated ash settling from the Eyjafjallaj{\"o}kull volcanic cloud illuminated by field and laboratory high-speed imaging},
  author={Taddeucci, J and Scarlato, P and Montanaro, C and Cimarelli, C and Del Bello, E and Freda, C and Andronico, D and Gudmundsson, MT and Dingwell, DB},
  journal={Geology},
  volume={39},
  number={9},
  pages={891--894},
  year={2011},
  publisher={Geological Society of America}
}

@article{sigurdsson19841982,
  title={The 1982 eruptions of El Chich{\'o}n volcano, Mexico: stratigraphy of pyroclastic deposits},
  author={Sigurdsson, H and Carey, SN and Espindola, JM},
  journal={J. Volcanol Geoth. Res.},
  volume={23},
  number={1},
  pages={11--37},
  year={1984},
  publisher={Elsevier}
}

@article{price2012smoothed,
  title={Smoothed particle hydrodynamics and magnetohydrodynamics},
  author={Price, Daniel J},
  journal={J. Comput. Phys.},
  volume={231},
  number={3},
  pages={759--794},
  year={2012},
  publisher={Elsevier}
}

@article{swegle1995smoothed,
  title={Smoothed particle hydrodynamics stability analysis},
  author={Swegle, JW and Hicks, DL and Attaway, SW},
  journal={J. Comput. Phys.},
  volume={116},
  number={1},
  pages={123--134},
  year={1995},
  publisher={Elsevier}
}

@article{harlow1965numerical,
  title={Numerical calculation of time-dependent viscous incompressible flow of fluid with free surface},
  author={Harlow, Francis H and Welch, J Eddie and others},
  journal={Phys. Fluids},
  volume={8},
  number={12},
  pages={2182},
  year={1965}
}

@book{wrobel1991computational,
  title={Computational Modelling of Free and Moving Boundary Problems: Fluid flow},
  author={Wrobel, Luiz C and Brebbia, CA},
  volume={1},
  year={1991},
  publisher={Walter de Gruyter}
}

@article{cheng1995simplified,
  title={A simplified marker and cell method for unsteady flows on non-staggered grids},
  author={Cheng, Liang and Armfield, Steven},
  journal={International journal for numerical methods in fluids},
  volume={21},
  number={1},
  pages={15--34},
  year={1995},
  publisher={Wiley Online Library}
}

@article{hirt1981volume,
  title={Volume of fluid (VOF) method for the dynamics of free boundaries},
  author={Hirt, Cyril W and Nichols, Billy D},
  journal={J. Comput. Phys.},
  volume={39},
  number={1},
  pages={201--225},
  year={1981},
  publisher={Elsevier}
}

@article{youngs1982time,
  title={Time-dependent multi-material flow with large fluid distortion},
  author={Youngs, David L},
  journal={Numerical methods for fluid dynamics},
  volume={24},
  number={2},
  pages={273--285},
  year={1982},
  publisher={Academic Press, New York}
}

@article{gerlach2006comparison,
  title={Comparison of volume-of-fluid methods for surface tension-dominant two-phase flows},
  author={Gerlach, D and Tomar, G and Biswas, G and Durst, F},
  journal={International Journal of Heat and Mass Transfer},
  volume={49},
  number={3},
  pages={740--754},
  year={2006},
  publisher={Elsevier}
}

@article{gopala2008volume,
  title={Volume of fluid methods for immiscible-fluid and free-surface flows},
  author={Gopala, Vinay R and van Wachem, Berend GM},
  journal={Chem. Eng. J.},
  volume={141},
  number={1},
  pages={204--221},
  year={2008},
  publisher={Elsevier}
}

@article{unverdi1992front,
  title={A front-tracking method for viscous, incompressible, multi-fluid flows},
  author={Unverdi, Salih Ozen and Tryggvason, Gr{\'e}tar},
  journal={J. Comput. Phys.},
  volume={100},
  number={1},
  pages={25--37},
  year={1992},
  publisher={Elsevier}
}

@article{anderson1998diffuse,
  title={Diffuse-interface methods in fluid mechanics},
  author={Anderson, DM and McFadden, Geoffrey B and Wheeler, AA},
  journal={Annu. Rev. Fluid Mech.},
  volume={30},
  number={1},
  pages={139--165},
  year={1998},
  publisher={Annual Reviews 4139 El Camino Way, PO Box 10139, Palo Alto, CA 94303-0139, USA}
}

@misc {NASACompressibleTurbulence,
	title = {Implementing Turbulence Models into the Compressible RANS Equations},
	month = {Agu},
	url={http://turbmodels.larc.nasa.gov/implementrans.html},
	year = {2014},
	author = {Christopher Rumsey}
}

@article{kays1994turbulent,
  title={Turbulent Prandtl number—where are we?},
  author={Kays, William M},
  journal={J. Heat Transf.},
  volume={116},
  number={2},
  pages={284--295},
  year={1994},
  publisher={American Society of Mechanical Engineers}
}

@article{cleary1999conduction,
  title={Conduction modelling using smoothed particle hydrodynamics},
  author={Cleary, Paul W and Monaghan, Joseph J},
  journal={J. Comput. Phys.},
  volume={148},
  number={1},
  pages={227--264},
  year={1999},
  publisher={Elsevier}
}

@article{ferrari2009new,
  title={A new 3D parallel SPH scheme for free surface flows},
  author={Ferrari, Angela and Dumbser, Michael and Toro, Eleuterio F and Armanini, Aronne},
  journal={Comput. \& Fluids},
  volume={38},
  number={6},
  pages={1203--1217},
  year={2009},
  publisher={Elsevier}
}

@article{kumar2013parallel,
  title={Parallel Godunov smoothed particle hydrodynamics (SPH) with improved treatment of Boundary Conditions and an application to granular flows},
  author={Kumar, Dinesh and Patra, Abani K and Pitman, E Bruce and Chi, H},
  journal={Comput. Phys. Commun.},
  volume={184},
  number={10},
  pages={2277--2286},
  year={2013},
  publisher={Elsevier}
}

@article{monaghan1985refined,
  title={A refined particle method for astrophysical problems},
  author={Monaghan, Joseph J and Lattanzio, John C},
  journal={Astron. Astrophys.},
  volume={149},
  pages={135--143},
  year={1985}
}

@article{crespo2015dualsphysics,
  title={DualSPHysics: Open-source parallel CFD solver based on Smoothed Particle Hydrodynamics (SPH)},
  author={Crespo, AJC and Dom{\'\i}nguez, JM and Rogers, BD and G{\'o}mez-Gesteira, M and Longshaw, S and Canelas, R and Vacondio, R and Barreiro, A and Garc{\'\i}a-Feal, O},
  journal={Comput. Phys. Commun.},
  volume={187},
  pages={204--216},
  year={2015},
  publisher={Elsevier}
}

@incollection{biswas1999experiments,
  title={Experiments with repartitioning and load balancing adaptive meshes},
  author={Biswas, Rupak and Oliker, Leonid},
  booktitle={Grid Generation and Adaptive Algorithms},
  pages={89--111},
  year={1999},
  publisher={Springer}
}

@inproceedings{patra1999efficient,
  title={Efficient mesh partitioning for adaptive hp finite element meshes},
  author={Patra, AK and Kim, DW},
  booktitle={In International Conference on Domain Decomposition Methods},
  year={1999},
  organization={Citeseer}
}

@article{cao2017data,
  title={Data Management and Volcano Plume Simulation with Parallel SPH Method and Dynamic Halo Domains},
  author={Cao, Zhixuan and Patra, Abani and Jones, Matthew},
  journal={Procedia Comput. Sci.,},
  volume={108},
  pages={786--795},
  year={2017},
  publisher={Elsevier}
}

@article{list1982turbulent,
  title={Turbulent jets and plumes},
  author={List, EJ},
  journal={Annu. Rev. Fluid Mech.},
  volume={14},
  number={1},
  pages={189--212},
  year={1982},
  publisher={Annual Reviews 4139 El Camino Way, PO Box 10139, Palo Alto, CA 94303-0139, USA}
}

@article{george1977turbulence,
  title={Turbulence measurements in an axisymmetric buoyant plume},
  author={George, William K and Alpert, Ronald L and Tamanini, Francesco},
  journal={International Journal of Heat and Mass Transfer},
  volume={20},
  number={11},
  pages={1145--1154},
  year={1977},
  publisher={Elsevier}
}

@article{papantoniou1989large,
  title={Large-scale structure in the far field of byoyant jets},
  author={Papantoniou, Dimitris and List, E John},
  journal={J. Fluid Mech.},
  volume={209},
  pages={151--190},
  year={1989},
  publisher={Cambridge University Press}
}

@article{dimotakis1983structure,
  title={Structure and dynamics of round turbulent jets},
  author={Dimotakis, Paul E and Miake-Lye, Richard C and Papantoniou, Dimitris A},
  journal={Phys. Fluids},
  volume={26},
  number={11},
  pages={3185--3192},
  year={1983},
  publisher={American Institute of Physics}
}

@article{ezzamel2015dynamical,
  title={Dynamical variability of axisymmetric buoyant plumes},
  author={Ezzamel, Adam and Salizzoni, Pietro and Hunt, Gary R},
  journal={J. Fluid Mech.},
  volume={765},
  pages={576--611},
  year={2015},
  publisher={Cambridge University Press}
}

@inproceedings{becker2007weakly,
  title={Weakly compressible SPH for free surface flows},
  author={Becker, Markus and Teschner, Matthias},
  booktitle={Proceedings of the 2007 ACM SIGGRAPH/Eurographics symposium on Computer animation},
  pages={209--217},
  year={2007},
  organization={Eurographics Association}
}

@article{ritchie2001multiphase,
  title={Multiphase smoothed-particle hydrodynamics},
  author={Ritchie, Benedict W and Thomas, Peter A},
  journal={Mon. Not. R. Astron. Soc.},
  volume={323},
  number={3},
  pages={743--756},
  year={2001},
  publisher={Blackwell Science Ltd Oxford, UK}
}

@article{costa2016results,
  title={Results of the eruptive column model inter-comparison study},
  author={Costa, A and Suzuki, YJ and Cerminara, M and Devenish, BJ and Esposti Ongaro, Thmaso and Herzog, M and Van Eaton, AR and Denby, LC and Bursik, M and de' Michieli Vitturi, Mattia and others},
  journal={J. Volcanol Geoth. Res.},
  year={2016},
  publisher={Elsevier}
}

@article{cerminara2016large,
  title={Large Eddy Simulation of gas--particle kinematic decoupling and turbulent entrainment in volcanic plumes},
  author={Cerminara, Matteo and Esposti Ongaro, Thmaso and Neri, Augusto},
  journal={J. Volcanol Geoth. Res.},
  year={2016},
  publisher={Elsevier}
}

@book{kobs2009modeling,
  title={Modeling particle motion and near-vent deposition in explosive volcanic eruptions},
  author={Kobs, Shannon},
  year={2009},
  publisher={State University of New York at Buffalo}
}

@article{terray2018new,
  title={A New Degassing Model to Infer Magma Dynamics from Radioactive Disequilibria in Volcanic Plumes},
  author={Terray, Luca and Gauthier, Pierre-J and Salerno, Giuseppe and Caltabiano, Tommaso and Spina, Alessandro La and Sellitto, Pasquale and Briole, Pierre},
  journal={Geosci. J},
  volume={8},
  number={1},
  pages={27},
  year={2018},
  publisher={Multidisciplinary Digital Publishing Institute}
}

@article{chen1999improvement,
  title={An improvement for tensile instability in smoothed particle hydrodynamics},
  author={Chen, JK and Beraun, JE and Jih, CJ},
  journal={Comput. Mech.},
  volume={23},
  number={4},
  pages={279--287},
  year={1999},
  publisher={Springer}
}

@article{bursik2003smoothed,
  title={A smoothed-particle hydrodynamic automaton of landform degradation by overland flow},
  author={Bursik, M and Mart{\i}nez-Hackert, B and Delgado, H and Gonzalez-Huesca, A},
  journal={Geomorphology},
  volume={53},
  number={1},
  pages={25--44},
  year={2003},
  publisher={Elsevier}
}
@article{herault2010sph,
  title={SPH modeling of lava flows with GPU implementation},
  author={H{\'e}rault, Alexis and Bilotta, Giuseppe and Del Negro, Ciro and Russo, Giovanni and Vicari, Annamaria},
  journal={From physics to control through an emergent view, World Scientific Series on Nonlinear Science, Series B},
  volume={15},
  pages={183--188},
  year={2010}
}

@article{suzuki2010numerical,
  title={Numerical determination of the efficiency of entrainment in volcanic eruption columns},
  author={Suzuki, YJ and Koyaguchi, T},
  journal={Geophys. Res. Lett.},
  volume={37},
  number={5},
  year={2010},
  publisher={Wiley Online Library}
}

@article{monaghan1983shock,
  title={Shock simulation by the particle method SPH},
  author={Monaghan, JJ and Gingold, RA},
  journal={J. Comput. Phys.},
  volume={52},
  number={2},
  pages={374--389},
  year={1983},
  publisher={Elsevier}
}

@article{suzuki20133d,
  title={3D numerical simulation of volcanic eruption clouds during the 2011 Shinmoe-dake eruptions},
  author={Suzuki, Yujiro J and Koyaguchi, Takehiro},
  journal={Earth, Planets and Space},
  volume={65},
  number={6},
  pages={581--589},
  year={2013},
  publisher={Springer}
}

@misc {114,
	title = {puffin},
	month = {Jan},
	url = {https://vhub.org/resources/114},
	year = {2013},
	author = {Bursik , Marcus I and Carbonara , Alejandro Uriel and Zawicki , Sean Michael}
}

@article{monaghan2005smoothed,
  title={Smoothed particle hydrodynamics},
  author={Monaghan, JJ},
  journal={Rep. Prog. Phys.},
  volume={68},
  number={8},
  pages={1703},
  year={2005},
  publisher={IOP Publishing}
}

@book{cebeci2013analysis,
  title={Analysis of turbulent flows with computer programs},
  author={Cebeci, Tuncer},
  year={2013},
  publisher={Butterworth-Heinemann}
}

@article{rosswog2009astrophysical,
  title={Astrophysical smooth particle hydrodynamics},
  author={Rosswog, Stephan},
  journal={New Astron. Rev.},
  volume={53},
  number={4},
  pages={78--104},
  year={2009},
  publisher={Elsevier}
}

@article{monaghan2009sph,
  title={SPH particle boundary forces for arbitrary boundaries},
  author={Monaghan, Joe J and Kajtar, Jules B},
  journal={Comput. Phys. Commun.},
  volume={180},
  number={10},
  pages={1811--1820},
  year={2009},
  publisher={Elsevier}
}

@article{papanicolaou1988investigations,
  title={Investigations of round vertical turbulent buoyant jets},
  author={Papanicolaou, Panos N and List, E John},
  journal={J. Fluid Mech.},
  volume={195},
  pages={341--391},
  year={1988},
  publisher={Cambridge Univ Press}
}